<record><leader>00000cas a22000007a 4500</leader><controlfield tag="001">17673162</controlfield><controlfield tag="008">880324d1uuu19uualudr ne      0    0eng d</controlfield><datafield ind1=" " ind2=" " tag="010"><subfield code="a">sn 88050048 </subfield></datafield><datafield ind1=" " ind2=" " tag="040"><subfield code="a">CPN</subfield><subfield code="b">eng</subfield><subfield code="c">CPN</subfield><subfield code="d">OCLCQ</subfield></datafield><datafield ind1=" " ind2=" " tag="042"><subfield code="a">msc</subfield></datafield><datafield ind1="0" ind2=" " tag="130"><subfield code="a">Troy messenger (Troy, Ala. : Daily)</subfield></datafield><datafield ind1="1" ind2="0" tag="245"><subfield code="a">Troy messenger.</subfield></datafield><datafield ind1=" " ind2=" " tag="260"><subfield code="a">Troy, Ala. :</subfield><subfield code="b">[s.n.]</subfield></datafield><datafield ind1=" " ind2=" " tag="300"><subfield code="a">v.</subfield></datafield><datafield ind1=" " ind2=" " tag="310"><subfield code="a">Daily</subfield></datafield><datafield ind1=" " ind2=" " tag="500"><subfield code="a">Editor: Sidney Herbert Blan.</subfield></datafield><datafield ind1=" " ind2=" " tag="588"><subfield code="a">Description based on: Jan. 1, 1912.</subfield></datafield><datafield ind1=" " ind2=" " tag="752"><subfield code="a">United States</subfield><subfield code="b">Alabama</subfield><subfield code="c">Pike</subfield><subfield code="d">Troy.</subfield></datafield><datafield ind1="0" ind2=" " tag="775"><subfield code="t">Troy messenger (Troy, Ala. : 1870)</subfield><subfield code="w">(DLC)sn 84023596</subfield></datafield><datafield ind1="0" ind2="0" tag="780"><subfield code="t">Daily messenger (Troy, Ala.)</subfield><subfield code="w">(DLC)sn 86050392</subfield></datafield><datafield ind1="1" ind2=" " tag="029"><subfield code="a">AU@</subfield><subfield code="b">000025802938</subfield></datafield></record>